% Ericsson Mobility Report
@online{EMR,
	author = {{Ericsson}},
	title = {Ericsson Mobility Report November 2021},
	url = {https://www.ericsson.com/en/reports-and-papers/mobility-report/reports/november-2021},
	note = {last visited: 2022-05-16},
}
% mmWave Book
@book{rappaport2015millimeter,
	title={Millimeter Wave Wireless Communications},
	author={Rappaport, T.S. and Heath, R.W. and Daniels, R.C. and Murdock, J.N.},
	isbn={9780132172288},
	year={2015},
	publisher={Prentice Hall},
}

%% Research papers
@ARTICLE{Rappaport/etal/2013,
	author={Rappaport, Theodore S. and Sun, Shu and Mayzus, Rimma and Zhao, Hang and Azar, Yaniv and Wang, Kevin and Wong, George N. and Schulz, Jocelyn K. and Samimi, Mathew and Gutierrez, Felix},
	journal={IEEE Access}, 
	title={Millimeter Wave Mobile Communications for {5G} Cellular: It Will Work!}, 
	year={2013},
	month = may,
	volume={1},
	number={},
	doi={10.1109/ACCESS.2013.2260813},
}
@ARTICLE{Roh/etal/2014,
	author={Roh, Wonil and Seol, Ji-Yun and Park, Jeongho and Lee, Byunghwan and Lee, Jaekon and Kim, Yungsoo and Cho, Jaeweon and Cheun, Kyungwhoon and Aryanfar, Farshid},
	journal={IEEE Communications Magazine}, 
	title={Millimeter-wave beamforming as an enabling technology for {5G} cellular communications: theoretical feasibility and prototype results}, 
	year={2014},
	month = feb,
	volume={52},
	number={2},
	doi={10.1109/MCOM.2014.6736750},
}
@ARTICLE{Giordani/etal/2016,
	author={Giordani, Marco and Mezzavilla, Marco and Zorzi, Michele},
	journal={IEEE Communications Magazine}, 
	title={Initial Access in {5G} {mmWave} Cellular Networks}, 
	year={2016},
	month = nov,
	volume={54},
	number={11},
	doi={10.1109/MCOM.2016.1600193CM},
}
@ARTICLE{Giordani/etal/2018,
	author={Giordani, Marco and Polese, Michele and Roy, Arnab and Castor, Douglas and Zorzi, Michele},
	journal={IEEE Communications Surveys \& Tutorials}, 
	title={A Tutorial on Beam Management for {3GPP} {NR} at {mmWave} Frequencies}, 
	year={2019},
	month = sep,
	volume={21},
	number={1},
	doi={10.1109/COMST.2018.2869411},
}
@INPROCEEDINGS{Wei/etal/2017,
	author={Wei, Lili and Li, Qian and Wu, Geng},
	booktitle={2017 IEEE Wireless Communications and Networking Conference (WCNC)}, 
	title={Exhaustive, Iterative and Hybrid Initial Access Techniques in {mmWave} Communications}, 
	year={2017},
	month = mar,
	volume={},
	number={},
	doi={10.1109/WCNC.2017.7925666},
}
@ARTICLE{Zhou/etal/2018,
	author={Zhou, Anfu and Wei, Teng and Zhang, Xinyu and Ma, Huadong},
	journal={IEEE/ACM Transactions on Networking}, 
	title={{FastND}: Accelerating Directional Neighbor Discovery for {60-GHz} Millimeter-Wave Wireless Networks}, 
	year={2018},
	month = oct,
	volume={26},
	number={5},
	doi={10.1109/TNET.2018.2867044},
}
@INPROCEEDINGS{Garcia/etal/2016,
	author={Garcia, Nil and Wymeersch, Henk and Ström, Erik G. and Slock, Dirk},
	booktitle={2016 IEEE 17th International Workshop on Signal Processing Advances in Wireless Communications (SPAWC)}, 
	title={Location-aided mm-wave channel estimation for vehicular communication}, 
	year={2016},
	month = jul,
	volume={},
	number={},
	doi={10.1109/SPAWC.2016.7536855},
}%%


%%%%%%%%%%%%%%%%%%%%%%%%%%%%%%%%%%%%%%%%%%%

%5(correct)
@inproceedings{mahbub2020mmwave,
    author={Mahbub, Mobasshir and Saym, Mir Md. and Rouf, Md. Abdur},
    booktitle={2020 2nd International Conference on Sustainable Technologies for Industry 4.0 (STI)}, 
    title={MmWave Propagation Characteristics Analysis for UMa and UMi Wireless Communications}, 
    year={2020},
    volume={},
    number={},
    pages={1-5},
    doi={10.1109/STI50764.2020.9350499}
}
%6(correct)
@inproceedings{haneda20165g,
    author={Haneda, Katsuyuki and Zhang, Jianhua and Tan, Lei and Liu, Guangyi and Zheng, Yi and Asplund, Henrik and Li, Jian and Wang, Yi and Steer, David and Li, Clara and Balercia, Tommaso and Lee, Sunguk and Kim, YoungSuk and Ghosh, Amitava and Thomas, Timothy and Nakamura, Takehiro and Kakishima, Yuichi and Imai, Tetsuro and Papadopoulos, Haralabos and Rappaport, Theodore S. and MacCartney, George R. and Samimi, Mathew K. and Sun, Shu and Koymen, Ozge and Hur, Sooyoung and Park, Jeongho and Zhang, Charlie and Mellios, Evangelos and Molisch, Andreas F. and Ghassamzadeh, Saeed S. and Ghosh, Arun},
    booktitle={2016 IEEE 83rd Vehicular Technology Conference (VTC Spring)}, 
    title={5G 3GPP-Like Channel Models for Outdoor Urban Microcellular and Macrocellular Environments}, 
    year={2016},
    volume={},
    number={},
    pages={1-7},
    doi={10.1109/VTCSpring.2016.7503971}
}
%11(correct)
@inproceedings{almesaeed2013comparison,
    author={Almesaeed, Reham and Ameen, Araz S. and Doufexi, Angela and Dahnoun, Nairn and Nix, Andrew R.},
    booktitle={2013 IFIP Wireless Days (WD)}, 
    title={A comparison study of 2D and 3D ITU channel model}, 
    year={2013},
    volume={},
    number={},
    pages={1-7},
    doi={10.1109/WD.2013.6686494}
}

%17(-)
@article{seraj2019study,
  title={Study on Propagation Characteristics of 5G Millimeter-Wave Wireless Communication Systems for Dense Urban Environments},
  author={Seraj, Ahmad Shahpoor},
  journal={Waseda University},
  year={2019}
}
%21(-)
@online{coordinatesystem,
	author = {{coordinatesystem}},
	title = {coordinatesystem},
	url = {https://en.wikipedia.org/wiki/Coordinate_system},
	note = {last updated: 2023-22-02},
}

%22(-)
@online{wirelesspi-RIS,
	author = {{wirelesspi}},
	title = {wirelesspi-RIS},
	url = {https://wirelesspi.com/reconfigurable-intelligent-surfaces-ris-a-tutorial/},
	note = {last updated: 2023-22-02},
}

%26(-)
@online{3GPP(15,16,17),
	author = {{3GPP_15,16,17}},
	title = {3GPP_15,16,17},
	url = {https://5g.security/5g-business-policy/5g-3gpp-releases-15-16-17/},
	note = {last updated: 2023-22-02},
}

%28(correct)
@ARTICLE{8741198,
    author={Huang, Chongwen and Zappone, Alessio and Alexandropoulos, George C. and Debbah, Mérouane and Yuen, Chau},
    journal={IEEE Transactions on Wireless Communications}, 
    title={Reconfigurable Intelligent Surfaces for Energy Efficiency in Wireless Communication}, 
    year={2019},
    volume={18},
    number={8},
    pages={4157-4170},
    doi={10.1109/TWC.2019.2922609}}

%29(correct, but check reference name)
@misc{https://doi.org/10.48550/arxiv.2109.13641,
    author={Mei, Weidong and Zheng, Beixiong and You, Changsheng and Zhang, Rui},
    journal={Proceedings of the IEEE}, 
    title={Intelligent Reflecting Surface-Aided Wireless Networks: From Single-Reflection to Multireflection Design and Optimization}, 
    year={2022},
    volume={110},
    number={9},
    pages={1380-1400},
    doi={10.1109/JPROC.2022.3170656}
}

%28(-) done
 @misc{enwiki:1110066364,
    author = "{Wikipedia contributors}",
    title = "Reflection (physics) --- {Wikipedia}{,} The Free Encyclopedia",
    year = "2022",
    url = "https://en.wikipedia.org/w/index.php?title=Reflection_(physics)&oldid=1110066364",
    note = "[Online; accessed 31-June-2023]"
  }


%39(correct) done
@article{PR2,
  title={Passive reflectors},
  author={Bui-Hai, N},
  journal={Revue Technique Thomson CSF},
  volume={8},
  pages={355--406},
  year={1976}
}
%13(-) done
@misc{FSPL,
    author = {{GaussianWaves}},
    title = {{Friis Free Space Propagation Model}},
    howpublished = {{Online}},
    year = {2013},
    month = {9},
    url = {https://www.gaussianwaves.com/2013/09/friss-free-space-propagation-model/}
}
%19(-) correct done
@misc{techsciresearch,
    author = {{TechSci Research}},
    title = {{Global 5G mmWave Market By Frequency Band (24 GHz to 39 GHz, 39 GHz to 64 GHz, Above 64 GHz), By Component (Antennas & Transceivers, Power Supplies, LNA, ADC, Others), By Licensing Type (Light Licensed Frequency, Unlicensed Frequency, Fully Licensed Frequency), By Application (Telecommunication & IT, Consumer Electronics, Automotive & Transportation, Healthcare, Military & Defense, Others), By Region, Forecast & Opportunities, 2026}},
    howpublished = {{Online}},
    year = {2021},
}

%18(correct) done
@article{electronics-notes,
    author = {{Electronics Notes}},
    title = {{5G Frequency Bands & Channels}},
    journal = {{Electronics Notes}},
    year = {2021},
    url = {https://www.electronics-notes.com/articles/connectivity/5g-mobile-wireless-cellular/frequency-bands-channels-fr1-fr2.php}
}



%20 figure correct done
@article{mpirical,
    author = {{Mpirical}},
    title = {{5G Radio Spectrum and WRC-19}},
    journal = {{Mpirical Blog}},
    year = {2019},
    month = {11},
    url = {https://www.mpirical.com/blog/5g-radio-spectrum-and-wrc-19}
}

%21figure (correct) done
@misc{telecomhall,
    author = {{TelecomHall}},
    title = {{Course on 5G New Radio Spectrum Related Aspects}},
    howpublished = {{Online}},
    year = {2021},
    url = {https://www.telecomhall.net/t/course-on-5g-new-radio-spectrum-related-aspects/16069}
}
