%1(correct) done
@article{tang2020wireless,
    author={Tang, Wankai and Chen, Ming Zheng and Chen, Xiangyu and Dai, Jun Yan and Han, Yu and Di Renzo, Marco and Zeng, Yong and Jin, Shi and Cheng, Qiang and Cui, Tie Jun},
    journal={IEEE Transactions on Wireless Communications}, 
    title={Wireless Communications With Reconfigurable Intelligent Surface: Path Loss Modeling and Experimental Measurement}, 
    year={2021},
    volume={20},
}

%2(correct) done
@article{8936989,
    author={Özdogan, Özgecan and Björnson, Emil and Larsson, Erik G.},
    journal={IEEE Wireless Communications Letters}, 
    title={Intelligent Reflecting Surfaces: Physics, Propagation, and Pathloss Modeling}, 
    year={December 2019},
    volume={9},
}

%3(correct) done
@inproceedings{ntontin2021optimal,
    author={Ntontin, Konstantinos and Selimis, Dimitrios and Boulogeorgos, Alexandros-Apostolos A. and Alexandridis, Antonis and Tsolis, Aris and Vlachodimitropoulos, Vasileios and Lazarakis, Fotis},
    booktitle={European Conference on Antennas and Propagation ({EuCAP})}, 
    title={Optimal Reconfigurable Intelligent Surface Placement in {millimeter-Wave} Communications}, 
    year={April 2021},
}

%4 Correct done
@techreport{ETSI,
    author = {3GPP},
    title = {{5{G}; Study on channel model for frequencies from 0.5 to 100 {GHz}}},
    institution = {{3rd Generation Partnership Project (3GPP)}},
    year = {September 2021},
    type = {{Technical Report (TR)}},
    number = {{38.901} Release 16},
    version = {16.1.0},
    doi = {10.1002/9781119471509.w5gref048}
}

%7(correct) PR1 done
@article{khawaja2020coverage,
    author={Khawaja, Wahab and Ozdemir, Ozgur and Yapici, Yavuz and Erden, Fatih and Guvenc, Ismail},
    journal={IEEE Open Journal of the Communications Society}, 
    title={Coverage Enhancement for {NLOS} mm{W}ave Links Using Passive Reflectors}, 
    year={January 2020},
    volume={1},
}

%5(correct) done
@article{wu2019towards,
    author={Wu, Qingqing and Zhang, Rui},
    journal={IEEE Communications Magazine}, 
    title={Towards Smart and Reconfigurable Environment: Intelligent Reflecting Surface Aided Wireless Network}, 
    year={November 2019},
    volume={58},
}

%9(correct) 9326394 done
@article{wu2021intelligent,
    author={Wu, Qingqing and Zhang, Shuowen and Zheng, Beixiong and You, Changsheng and Zhang, Rui},
    journal={IEEE Transactions on Communications}, 
    title={Intelligent Reflecting Surface-Aided Wireless Communications: A Tutorial}, 
    year={January 2021},
    volume={69},
}

%6(correct) done
@phdthesis{diakhate2019propagation,
  title={Propagation channel modeling at centimeter and millimeter wave frequencies in 5{G} urban microcellular context},
  author={Diakhate, Cheikh},
  year={September 2019},
  school={Communities of universities and institutions (ComUE)}
}

%11Correct done
@article{KabulUni,
  title={Study on Propagation Characteristics of 5{G} {millimeter-Wave} Wireless Communication Systems for Dense Urban Environments},
  author={Seraj, Ahmad Shahpoor},
  journal={Department of Computer Science and Communications Engineering, Waseda University},
  year={February 2019}
}

%16(correct) done
@ARTICLE{9721205,
    author={Björnson, Emil and Wymeersch, Henk and Matthiesen, Bho and Popovski, Petar and Sanguinetti, Luca and de Carvalho, Elisabeth},
    journal={IEEE Signal Processing Magazine}, 
    title={Reconfigurable Intelligent Surfaces: A signal processing perspective with wireless applications}, 
    year={February 2022},
    volume={39},
}

%17 correct done
@INPROCEEDINGS{Qualcomm,
  author={Qualcomm},
  booktitle={2020 {IEEE} Topical Conference on {RF}/Microwave Power Amplifiers for Radio and Wireless Applications {(PAWR)}}, 
  title={2020 {IEEE} Radio and Wireless Week}, 
  year={March 2020},
  doi={10.1109/PAWR46754.2020.9035990}
  }

%22(correct) done
@techreport{3GPP17,
    author = {{3GPP}},
    title = {{5{G}; System architecture for the 5{G} System {(5GS)}}},
    institution = {{3rd Generation Partnership Project (3GPP)}},
    year = {September 2021},
    type = {{Technical Specification}},
}

%23Correct done
@book{rappaport2015millimeter,
    author = {Rappaport, Theodore S. and Heath Jr., Robert W. and Daniels, Robert C. and Murdock, James N.},
    title = {Millimeter {Wave} Wireless Communications},
    publisher = {Pearson Education},
    year = {June 2014},
    edition={First},
    isbn = {9780132173636}
    note = {Accessed: 22 Sept 2023}
    url = {https://www.pearson.com/en-us/subject-catalog/p/millimeter-wave-wireless-communications}
}

%24(correct) done
@article{sun2018propagation,
    author={Sun, Shu and Rappaport, Theodore S. and Shafi, Mansoor and Tang, Pan and Zhang, Jianhua and Smith, Peter J.},
    journal={IEEE Transactions on Vehicular Technology}, 
    title={Propagation Models and Performance Evaluation for 5{G} {millimeter-Wave} Bands}, 
    year={June 2018},
    volume={67},
}

%25(correct) done
@article{8207426,
    author={Hemadeh, Ibrahim A. and Satyanarayana, Katla and El-Hajjar, Mohammed and Hanzo, Lajos},
    journal={IEEE Communications Surveys \& Tutorials}, 
    title={{Millimeter-Wave} Communications: {P}hysical Channel Models, Design Considerations, Antenna Constructions, and Link-Budget}, 
    year={December 2017},
    volume={20},
}

%26(correct) done
@article{Rappaport,
    author={Rappaport, Theodore S. and Sun, Shu and Mayzus, Rimma and Zhao, Hang and Azar, Yaniv and Wang, Kevin and Wong, George N. and Schulz, Jocelyn K. and Samimi, Mathew and Gutierrez, Felix},
    journal={IEEE Access}, 
    title={Millimeter {Wave} Mobile Communications for 5{G} Cellular: It Will Work!}, 
    year={May 2013},
    volume={1},
}


%29(-) done url={https://books.google.de/books?id=jwjeAwAAQBAJ},
@book{balanis2005antenna,
  title={Antenna Theory: Analysis and Design},
  author={Balanis, C.A.},
  isbn={9780471667827},
  lccn={2005041794},
  year={July 2005},
  publisher={John Wiley \& Sons}
}

%30(correct) done
@article{Roh2014MillimeterwaveBA,
    author={Roh, Wonil and Seol, Ji-Yun and Park, Jeongho and Lee, Byunghwan and Lee, Jaekon and Kim, Yungsoo and Cho, Jaeweon and Cheun, Kyungwhoon and Aryanfar, Farshid},
    journal={IEEE Communications Magazine}, 
    title={Millimeter-wave beamforming as an enabling technology for 5{G} cellular communications: theoretical feasibility and prototype results}, 
    year={February 2014},
    volume={52},
}

%33(correct) done
@article{Helios,
 author={Häger, Simon and Heimann, Karsten and Böcker, Stefan and Wietfeld, Christian},
  journal={IEEE Access}, 
  title={Holistic Enlightening of Blackspots With Passive Tailorable Reflecting Surfaces for Efficient Urban "mm{W}ave" Networks}, 
  year={April 2023},
  volume={11},
}

%34(correct) done
@article{electronics12092014,
	AUTHOR = {Saleem, Asad and Zhang, Xingqi and Xu, Yan and Albalawi, Umar A. and Younes, Osama S.},
	TITLE = {A Critical Review on Channel Modeling: {I}mplementations, Challenges and Applications},
	JOURNAL = {Electronics},
	VOLUME = {12},
	YEAR = {September 2023},
	ISSN = {2079-9292},
	publisher={MDPI},
}

%35(correct) done
@book{du2010wireless,
  title={Wireless Communication Systems: From {RF} Subsystems to 4{G} Enabling Technologies},
  author={Du, K.L. and Swamy, M.N.S.},
  isbn={9781139485760},
  year={December 2010},
  publisher={Cambridge University Press}
}

%36(correct) done
@Inbook{Sizun2005,
author={Hervé, Sizun},
title={"Introduction to the Propagation of Radio Waves},
bookTitle={Radio Wave Propagation for Telecommunication Applications},
year={April 2005},
publisher={Springer Berlin Heidelberg},
isbn={978-3-540-26668-6},
}

%37(correct) done
@article{IRSdesignandapp,
author = {Okogbaa, Fred and Ahmed, Qasim and Khan, Fahd and Abbas, Waqas and Che, Fuhu and Zaidi, Syed Ali Raza and Alade, Temitope},
year = {March 2022},
title = {Design and Application of {I}ntelligent {R}eflecting {S}urface {(IRS)} for Beyond 5{G} Wireless Networks: A Review},
volume = {22},
journal = {Sensors},
publisher={MDPI},
}

%38(correct) done
@article{Shen2020ModelingAA,
  title={Modeling and architecture design of reconfigurable intelligent surfaces using scattering parameter network analysis},
  author={Shen, Shanpu and Clerckx, Bruno and Murch, Ross},
  journal={IEEE Transactions on Wireless Communications},
  volume={21},
  year={August 2021},
  publisher={IEEE}
}

%40(correct) done
@INPROCEEDINGS{PR3,
  author={Romero-Peña, J. Samuel and Cardona, Narcis},
  booktitle={14th European Conference on Antennas and Propagation (EuCAP)}, 
  title={Irregular multiFocal Reflector for Efficient mm{W}ave Propagation in Indoor Enviroments}, 
  year={March 2020},
  }

%41(correct) done
@article{ITU_EHF,
	author = {Keerthi, Ch and Sunella, B and Jyothi, P and Ajay Kumar, M.},
	year = {February 2023},
	pages = {88 - 96},
	title = {Novelty of {millimeter Wave} Transceivers: The Future Mobile Communications},
	volume = {8}
	publisher={ZKG International}
}
%correct (done)
@article{8796365,
  author={Basar, Ertugrul and Di Renzo, Marco and De Rosny, Julien and Debbah, Merouane and Alouini, Mohamed-Slim and Zhang, Rui},
  journal={IEEE Access}, 
  title={Wireless Communications Through Reconfigurable Intelligent Surfaces}, 
  year={July 2019},
  volume={7},
  }

% Correct (done)
@article{BANAFAA2023245,
	title = {6{G} Mobile Communication Technology: Requirements, Targets, Applications, Challenges, Advantages, and Opportunities},
	journal = {Alexandria Engineering Journal},
	volume = {64},
	year = {August 2022},
	issn = {1110-0168},
	author = {Mohammed Banafaa and Ibraheem Shayea and Jafri Din and Marwan {Hadri Azmi} and Abdulaziz Alashbi and Yousef {Ibrahim Daradkeh} and Abdulraqeb {Alhammadi}}
	
%correct (done)
@article{Towards6G,
	author = {Xiaohu, You and Wang, Cheng-Xiang and Huang, Jie and Gao, Xiqi and Zhang, Zaichen and Wang, Michael and Huang, Yongming and Zhang, Chuan and Jiang, Yanxiang and Wang, Jiaheng and Zhu, Min and Sheng, Bin and Wang, Dongming and Pan, Zhiwen and Zhu, Pengcheng and Yang, Yang and Liu, Zening and Ding, Zhang and Tao, Xiaofeng and Liang, Ying-Chang},
	year = {January 2021},
	title = {Towards 6{G} wireless communication networks: {V}ision, enabling technologies, and new paradigm shifts},
	volume = {64},
	journal = {Science China Information Sciences},
}
% Correct (done)
@article{6GWireless,
	author = {Wang, ChengXiang and Huang, Jie and Wang, Haiming and Gao, Xiqi and Xiaohu, You and Hao, Yang},
	year = {December 2020},
	title = {{6G} Wireless Channel Measurements and Models: Trends and Challenges},
	volume = {15},
	journal = {IEEE Vehicular Technology Magazine},
	doi = {10.1109/MVT.2020.3018436}
}

%Correct( done)
@article{Ali2017BeamformingTF,
	title={Beamforming techniques for massive {MIMO} systems in 5{G}: {O}verview, classification, and trends for future research},
	author={Ehab Ali and Mahamod Ismail and Rosdiadee Nordin and Nor Fadzilah Abdulah},
	journal={Frontiers of Information Technology \& Electronic Engineering},
	year={June 2017},
	volume={18},
}
% Correct (done)
@article{s23094359,
	AUTHOR = {Brilhante, Davi da Silva and Manjarres, Joanna Carolina and Moreira, Rodrigo and de Oliveira Veiga, Lucas and de Rezende, José F. and Müller, Francisco and Klautau, Aldebaro and Leonel Mendes, Luciano and P. de Figueiredo, Felipe A.},
	TITLE = {A Literature Survey on {AI}-Aided Beamforming and Beam Management for 5{G} and 6{G} Systems},
	JOURNAL = {Sensors},
	VOLUME = {23},
	YEAR = {April 2023},
	PubMedID = {37177563},
	ISSN = {1424-8220}
	publisher={MDPI},
	DOI = {10.3390/s23094359}
}
% Correct (done)
@article{8947954,
	author={Li, Yu-Ngok Ruyue and Gao, Bo and Zhang, Xiaodan and Huang, Kaibin},
	journal={IEEE Access}, 
	title={Beam Management in {millimeter-Wave} Communications for 5{G} and Beyond}, 
	year={January 2020},
	volume={8},
	}
	
	%%5GCM
@article{5GCM,
		year = {August 2022},
		publisher = {IOP Publishing},
		volume = {2322},
		author = {Mushtaq Talib and Norazizah Binti Mohd Aripin and Noor Shamsiah Othman and Adheed Hasan Sallomi},
		title = {Comprehensive Overview on {mmWave} Communications for 5{G} Networks Concentrating on Propagation Models for Different Urban Environments},
		journal = {Journal of Physics: Conference Series},
		publisher = {IOP Publishing},
	}
	
%Correct (done)
@article{METIS,
	title={{METIS} Channel Models ({D}1.4)},
	author={Nurmela, Vuokko and Karttunen, Aki and Roivainen, Antti and Raschkowski, Leszek and Hovinen, Veikko and EB, Juha Ylitalo and Omaki, Nobutaka and Kusume, Katsutoshi and Hekkala, Aki and Weiler, Richard and others},
	journal={Mobile and wireless communications Enablers for the Twenty-twenty Information Society (METIS)},
	volume={1},
	year={February 2015}
}	
% correct(done)
@article{miwebaquadriga,
	author={Wang, Cheng-Xiang and Bian, Ji and Sun, Jian and Zhang, Wensheng and Zhang, Minggao},
	journal={IEEE Communications Surveys \& Tutorials}, 
	title={A Survey of 5{G} Channel Measurements and Models}, 
	year={August 2018},
	volume={20},
	}
% correct(done)
@article{weiler2016quasi,
	title={Quasi-deterministic {mmWave} channel models in {MiWEBA}},
	author={Weiler, Richard J and Peter, Michael and Keusgen, Wilhelm and Maltsev, Alexander and Karls, Ingolf and Pudeyev, Andrey and Bolotin, Ilya and Siaud, Isabelle and Ulmer-Moll, Anne-Marie},
	journal={EURASIP Journal on Wireless Communications and Networking},
	year={March 2016},
	publisher={Springer}
}
% Correct (done)
@article{mmWavefig1,
	author={Hong, Wei and Jiang, Zhi Hao and Yu, Chao and Hou, Debin and Wang, Haiming and Guo, Chong and Hu, Yun and Kuai, Le and Yu, Yingrui and Jiang, Zhengbo and Chen, Zhe and Chen, Jixin and Yu, Zhiqiang and Zhai, Jianfeng and Zhang, Nianzu and Tian, Ling and Wu, Fan and Yang, Guangqi and Hao, Zhang-Cheng and Zhou, Jian Yi},
	journal={IEEE Journal of Microwaves}, 
	title={The Role of {millimeter-Wave} Technologies in 5{G}/6{G} Wireless Communications}, 
	year={January 2021},
	volume={1},
	 doi={10.1109/JMW.2020.3035541}
	}
% Correct (done)
@article{Sakaguchi2017WhereWA,
	title={Where, When, and How mm{W}ave is Used in 5{G} and Beyond},
	author={Kei Sakaguchi and Thomas Haustein and Sergio Barbarossa and Emilio Calvanese Strinati and Antonio Clemente and Giuseppe Destino and Aarno P{\"a}rssinen and Il Gyu Kim and Hee Sang Chung and Junhyeong Kim and Wilhelm Keusgen and Richard J. Weiler and Koji Takinami and Elena Ceci and Ali S. Sadri and Liang Xian and Alexander Maltsev and Gia Khanh Tran and Hiroaki Ogawa and Kim Mahler and Robert W. Heath},
  journal={IEICE Transactions on Electronics},
	year={April 2017},
  	pages={790-808},
	  doi={10.1587/transele.E100.C.790}
}
% correct( done)
@INPROCEEDINGS{9205413,
	author={Adegoke, E. I. and Kampert, Erik and Higgins, Matthew D.},
	booktitle={2020 International Conference on {UK}-China Emerging Technologies {(UCET)}}, 
	title={Empirical Indoor Path Loss Models at 3.5 {GHz} for 5{G} Communications Network Planning}, 
	year={August 2020},
	}
	% Correct(done)
@ARTICLE{Balanis,
		author={C.A. Balanis},
		title={Advanced engineering electromagnetics, 2nd ed. John Wiley \& Sons}, 
		year={April 2012},
		volume={31},
		number={6}}
		
%Correct(done)
@inproceedings{Kerr1989PropagationOS,
	title={Propagation of Short Radio Waves, ser. Electromagnetics and Radar. Institution of Engineering and Technology},
	author={D. E. Kerr, S. A. Goudsmit, L. B. Linford, and A.M. Stone, Eds.,},
	year={April 1987},
}

@techreport{ITUReport,
	author      = { Alan Weissberger},
	title       = {New {ITU} report in progress: {T}echnical feasibility of {IMT} in bands above 100 {GH}z (92 {GH}z and 400 {GH}z)},
	institution = {International Telecommunication Union (ITU)},
	year = {July 2023},
%	url = {https://techblog.comsoc.org/2023/07/07/new-itu-report-in-progress-technical-feasibility-of-imt-in-bands-above-100-ghz-92
	-ghz-and-400-ghz/}
}
@article{IRS_citations,
	author = {Cai, Chang and Yuan, Xiaojun and Yan, Wenjing and Huang, Zhouyang and Liang, Ying-Chang and Zhang, Wei},
	year = {June 2021},
	title = {Hierarchical Passive Beamforming for Reconfigurable Intelligent Surface Aided Communications},
	journal = {IEEE Wireless Communications Letters},
}
@article{IRS_citations2,
	author = {Mohsan, Syed Agha Hassnain and Khan, Muhammad and Alsharif, Mohammed and Uthansakul, Peerapong and Solyman, Ahmed},
	year = {July 2022},
	title = {Intelligent Reflecting Surfaces Assisted {UAV} Communications for Massive Networks: Current Trends, Challenges, and Research Directions},
}
@article{LiSinghSievenpiper,
	title = {Metasurfaces and their applications},
	author = {Aobo Li and Shreya Singh and Dan Sievenpiper},
	journal = {Nanophotonics},
	year = {June 2018},
	doi = {10.1515/nanoph-2017-0120},
	publisher={De Gruyter},
}
@article{FangLiChenSunXiaoHeZhou,
	title = {Deterministic approach to design passive anomalous-diffraction metasurfaces with nearly 100 percent efficiency},
	author = {Zhening Fang and Haipeng Li and Yan Chen and Shulin Sun and Shiyi Xiao and Qiong He and Lei Zhou},
	journal = {Nanophotonics},
	year = {March 2023},
	doi = {10.1515/nanoph-2022-0755}
}
@unknown{Anjinappa,
	author = {Anjinappa, Chethan and Erden, Fatih and Guvenc, Ismail},
	year = {November 2020},
	title = {Base Station and Passive Reflectors Placement for Urban {mmWave} Networks}
}

@inproceedings{Passiverefl,
	author = {Gulzar Khawaja, Wahab Ali and Ozdemir, Ozgur and Erden, Fatih and Guvenc, Ismail and Ezuma, Martins and Kakishima, Yuichi},
	year = {January 2019},
	title = {Effect of Passive Reflectors for Enhancing Coverage of 28 {GHz} {mmWave} Systems in an Outdoor Setting},
	doi = {10.1109/RWS.2019.8714266},
	publisher={2019 IEEE Radio and Wireless Symposium (RWS)}
}

@INPROCEEDINGS{7728465,
	author={Rodriguez-Molares, Alfonso and Fatemi, Ali and Torp, Hans and Løvstakken, Lasse},
	booktitle={2016 IEEE International Ultrasonics Symposium (IUS)}, 
	title={Adaptive beamforming based on {S}nell's law of reflection}, 
	year={September 2016},
	doi = {10.1109/ULTSYM.2016.7728465},
	
	}
	

@INPROCEEDINGS{RCS1,
	author={vom Boegel, Gerd and Sezgin, Aydin and Pohl, Nils and Vossiek, Martin and Weimer, Michael and Wessel, Jan and Wietfeld, Christian and Thill, Ruben and Braun, Tobias T. and Haferkamp, Markus and Sivadevuni, Srivardhan Sarma and Koegel, Tobias and Häger, Simon and Boecker, Stefan and Geiss, Johanna},
	booktitle={{WSA} \& SCC 2023; 26th International ITG Workshop on Smart Antennas and 13th Conference on Systems, Communications, and Coding}, 
	title={{6GEM} Perspective on Joint Communication and Sensing}, 
	year={April 2023},
	}
	
@article{RCS2,
	author = {Hamd, Huda and Hatem, Haraa and Mohamed, Wurod},
	year = {January 2021},
	title = {Evaluation of Bistatic and Monostatic {RCS} for Simple and Complex Targets in {X}-Band},
	volume = {15},
	journal = {International Journal of Microwave and Optical Technology},
	pages = {583-591},
	publisher={International Journal of MIcrowave and Optical Technology},
}

@ARTICLE{Scope_1,
	author={Bariah, Lina and Mohjazi, Lina and Muhaidat, Sami and Sofotasios, Paschalis C. and Kurt, Gunes Karabulut and Yanikomeroglu, Halim and Dobre, Octavia A.},
	journal={IEEE Access}, 
	title={A Prospective Look: Key Enabling Technologies, Applications and Open Research Topics in 6{G} Networks}, 
	year={August 2020},
	volume={8},
	}
@ARTICLE{Scope_2,
	author={Alghamdi, Rawan and Alhadrami, Reem and Alhothali, Dalia and Almorad, Heba and Faisal, Alice and Helal, Sara and Shalabi, Rahaf and Asfour, Rawan and Hammad, Noofa and Shams, Asmaa and Saeed, Nasir and Dahrouj, Hayssam and Al-Naffouri, Tareq Y. and Alouini, Mohamed-Slim},
	journal={IEEE Access}, 
	title={Intelligent Surfaces for 6{G} Wireless Networks: A Survey of Optimization and Performance Analysis Techniques}, 
	year={October 2020},
	volume={8},
	}
@InProceedings{Scope_3,
	author={Zhao, Yang
	and Zhao, Jun
	and Zhai, Wenchao
	and Sun, Sumei
	and Niyato, Dusit
	and Lam, Kwok-Yan",
	editor="Arai, Kohei},
	title={A Survey of 6{G} Wireless Communications: Emerging Technologies},
	booktitle={Advances in Information and Communication},
	year={April 2021},
	publisher={Future of Information and Communication Conference (FICC) 2021},
}

@ARTICLE{Scope_4,
	author={Saad, Walid and Bennis, Mehdi and Chen, Mingzhe},
	journal={IEEE Network}, 
	title={A Vision of 6{G} Wireless Systems: Applications, Trends, Technologies, and Open Research Problems}, 
	year={October 2020},
	volume={34},
	}
@ARTICLE{RCS_1,
	author={Chowdhury, Mostafa Zaman and Shahjalal, Md. and Ahmed, Shakil and Jang, Yeong Min},
	journal={IEEE Open Journal of the Communications Society}, 
	title={6{G} Wireless Communication Systems: Applications, Requirements, Technologies, Challenges, and Research Directions}, 
	year={July 2020},
	}

@ARTICLE{RCS_2,
	author={Liu, Fan and Cui, Yuanhao and Masouros, Christos and Xu, Jie and Han, Tony Xiao and Eldar, Yonina C. and Buzzi, Stefano},
	journal={IEEE Journal on Selected Areas in Communications}, 
	title={Integrated Sensing and Communications: Toward Dual-Functional Wireless Networks for 6{G} and Beyond}, 
	year={March 2022},
	}
	
@ARTICLE{RCS_3,
	author={Leyva, Leonardo and Castanheira, Daniel and Silva, Adão and Gameiro, Atílio and Hanzo, Lajos},
	journal={IEEE Vehicular Technology Magazine}, 
	title={Cooperative multiterminal Radar and Communication: A New Paradigm for 6{G} Mobile Networks}, 
	year={October 2021},
	}
	
@Inbook{Neubauer1997,
	author={Neubauer, Andreas},
	editor={Biegler, Lorenz T.
	and Coleman, Thomas F.
	and Conn, Andrew R.
	and Santosa, Fadil N.},
	title={Design of 3{D}-Reflectors for Near Field and Far Field Problems},
	bookTitle={Large-Scale Optimization with Applications: Part I: Optimization in Inverse Problems and Design},
	year={April 1997},
	isbn={978-1-4612-1962-0},
	publisher={Springer New York},
	pages={101-118},
	doi={10.1007/978-1-4612-1962-0_6},
}

@book{hansen1988spherical,
	  title={Spherical near-field antenna measurements},
	author={Jan E. Hansen},
	year={January 1988},
	url={https://api.semanticscholar.org/CorpusID:209829592},
	publisher={The Institution of Engineering and Technology},
}

@ARTICLE{Intro1,
	author={He, Shiwen and Zhang, Yan and Wang, Jiaheng and Zhang, Jian and Ren, Ju and Zhang, Yaoxue and Zhuang, Weihua and Shen, Xuemin},
	journal={Proceedings of the IEEE}, 
	title={A Survey of {millimeter-Wave} Communication: {P}hysical-Layer Technology Specifications and Enabling Transmission Technologies}, 
	year={September 2021},
	volume={109},
	}
@Inbook{Yang2022,
	author={Yang, Kai
	and Shi, Minwei
	and Yuan, Hang
	and Ni, Zhitong},
	title={Overview of {Millimeter-Wave} Communications},
	bookTitle={Millimeter-Wave Communication Systems: Network Analysis and Hybrid Precoding Design},
	year={February 2022},
	publisher={Springer Singapore},
}

@ARTICLE{8373698,
	author={Wang, Xiong and Kong, Linghe and Kong, Fanxin and Qiu, Fudong and Xia, Mingyu and Arnon, Shlomi and Chen, Guihai},
	journal={IEEE Communications Surveys \& Tutorials}, 
	title={Millimeter Wave Communication: A Comprehensive Survey}, 
	year={June 2018},
	volume={20},}
	
@ARTICLE{CNI,
	author = {Heimann, Karsten and Häger, Simon and Wietfeld, Christian},
	year = {October 2023},
	pages = {125-128},
	journal={ACM Conference on Modeling Analysis and Simulation of Wireless and Mobile Systems(MSWIM)},
	publisher={MobiWac},
	title = {Demo Abstract: Experimental 6{G} Research Platform for Digital Twin-Enabled Beam Management},
	doi ={10.1145/3616390.3618282},
}

@Article{en14248219,
	AUTHOR = {Sharma, Teena and Chehri, Abdellah and Fortier, Paul},
	TITLE = {Reconfigurable Intelligent Surfaces for 5{G} and beyond Wireless Communications: A Comprehensive Survey},
	JOURNAL = {Energies},
	VOLUME = {14},
	YEAR = {August 2021},
	ISSN = {1996-1073},
}


@Article{ericsson6g,
author = {Telefonaktiebolaget LM Ericsson},
title = {6{G} : {C}onnecting a cyber-physical world - Ericsson},
url = {https://www.ericsson.com/en/reports-and-papers/white-papers/a-research-outlook-towards-6g},
month = {July},
year = {2023},
note = {Accessed: 02 Jan 2024}
}

@Article{nokia6g,
	title={{6G}: The network behind the complete metaverse experience},
	author={{Nokia Bell Labs}},
	note={{A}ccessed: 02 Jan 2024},
	url={https://www.bell-labs.com/research-innovation/what-is-6g/6g-technologies},
}

@ARTICLE{shadow1,
	author={Cotton, Simon L. and Abbasi, Muhammad Ali Babar and Machado, Gabriel G. and Yurduseven, Okan},
	journal={IEEE Access}, 
	title={Reconfigurable Intelligent Edges: Illuminating the Shadow Region in Wireless Networks}, 
	year={September 2022},
	volume={10},
	}
@ARTICLE{Diff1,
	author={Baldauf, J. and Lee, S.-W. and Lin, L. and Jeng, S.-K. and Scarborough, S.M. and Yu, C.L.},
	journal={IEEE Transactions on Antennas and Propagation}, 
	title={High frequency scattering from trihedral corner reflectors and other benchmark targets: {SBR} versus experiment}, 
	year={September 1991},
	volume={39},
	}	
@unknown{Diff2,
	author = {Brock, Billy and Doerry, Armin},
	year = {June 2009},
	title = {Radar cross section of triangular trihedral reflector with extended bottom plate},
	doi = {10.2172/984946},
	pages = {1-38},
	publisher={Sandia National Laboratories},
}

@article{shadow2,
	author = {Huang, Ying and Yang, Zhen and Liu, Su and Li, Hao and Zhu, Hongjun},
	title = {Research on edge-guided disambiguation module for shadow detection},
	journal = {IET Image Processing},
	volume = {16},
	year = {March 2022}
}

@inproceedings{RCS_meta2,
	author = {Rezende, M.C. and Martin, Inacio and Miacci, M. and Nohara, Evandro},
	year = {February 2001},
	title = {Radar cross section measurements (8-12 {GHz}) of flat plates painted with microwave absorbing materials},
	volume = {1},
	isbn = {0-7803-7065-1},
	doi = {10.1109/SBMOMO.2001.1008762}
	publisher={SBMO/IEEE MTT-S International Microwave and Optoelectronics Conference},
}

@article{RCS_meta,
	author = {Zeeshan, Qasim and Yunfeng, Dung and Kamran, Ali and Rafique, Amer and Nisar, Khurram},
	year = {January 2009},
	title = {Stealth Considerations for Aerodynamic Design},
	journal = {International Journal of Computer Aided Drafting, Design and Manufacturing}
}
@inproceedings{Pen,
author = {Jana, Sandip and Mishra, Amit and Khan, Mohammed},
year = {June 2022},
pages = {1-5},
title = {Evaluation of visualization algorithms for CommSense system},
doi = {10.1109/VTC2022-Spring54318.2022.9860880}
}